@article{rustSystem,
  title={System programming in Rust: Beyond safety},
  author={Balasubramanian, Abhiram and Baranowski, Marek S and Burtsev, Anton and Panda, Aurojit and Rakamari, Zvonimir and Ryzhyk, Leonid},
  journal={ACM SIGOPS Operating Systems Review},
  volume={51},
  number={1},
  pages={94--99},
  year={2017},
  publisher={ACM}
}

@article{patina,
  title={Patina: A formalization of the Rust programming language},
  author={Reed, Eric},
  journal={University of Washington, Department of Computer Science and Engineering, Tech. Rep. UW-CSE-15-03-02},
  year={2015}
}

@article{manifold,
    author = {Arbab, Farhad and Herman, I and Spilling, P},
    year = {1993},
    month = {02},
    pages = {23 - 70},
    title = {Overview of Manifold and its implementation},
    volume = {5},
    booktitle = {Concurrency: Practice and Experience}
}

@article{langNec,
    author = {Lee, Edward},
    year = {2007},
    month = {01},
    pages = {},
    title = {Are new languages necessary for multicore?}
}

@incollection{proper,
  title={Proper protocol},
  author={Arbab, Farhad},
  booktitle={Theory and Practice of Formal Methods},
  pages={65--87},
  year={2016},
  publisher={Springer}
}

@article{introReo,
  title={Reo: a channel-based coordination model for component composition},
  author={Arbab, Farhad},
  journal={Mathematical structures in computer science},
  volume={14},
  number={3},
  pages={329--366},
  year={2004},
  publisher={Cambridge University Press}
}

@article{chapel,
  title={Parallel programmability and the chapel language},
  author={Chamberlain, Bradford L and Callahan, David and Zima, Hans P},
  journal={The International Journal of High Performance Computing Applications},
  volume={21},
  number={3},
  pages={291--312},
  year={2007},
  publisher={Sage Publications Sage UK: London, England}
}

@inproceedings{impala,
  title={GPU programming in rust: Implementing high-level abstractions in a systems-level language},
  author={Holk, Eric and Pathirage, Milinda and Chauhan, Arun and Lumsdaine, Andrew and Matsakis, Nicholas D},
  booktitle={2013 IEEE International Symposium on Parallel \& Distributed Processing, Workshops and Phd Forum},
  pages={315--324},
  year={2013},
  organization={IEEE}
}

@article{coordination,
  title={What do you mean, coordination},
  author={Arbab, Farhad},
  journal={Bulletin of the Dutch Association for Theoretical Computer Science (NVTI)},
  volume={19},
  year={1998}
}

@article{reoLinda,
  title={A preliminary comparative study on the expressive power of reo and linda},
  author={Amaro, Silvia and Pimentel, Ernesto and Roldan, Ana M},
  journal={Electronic Notes in Theoretical Computer Science},
  volume={180},
  number={2},
  pages={3--19},
  year={2007},
  publisher={Elsevier}
}

@article{linda,
  title={The Linda alternative to message-passing systems},
  author={Carriero, Nicholas J and Gelernter, David and Mattson, Timothy G and Sherman, Andrew H},
  journal={Parallel computing},
  volume={20},
  number={4},
  pages={633--655},
  year={1994},
  publisher={Elsevier}
}

@inproceedings{criticalPathReo,
  title={The Critical Path toward the Development of Reo},
  author={Marten Lohstroh},
  year={2010}
}

@inproceedings{nom,
  title={Nom, a byte oriented, streaming, zero copy, parser combinators library in rust},
  author={Couprie, Geoffroy},
  booktitle={Security and Privacy Workshops (SPW), 2015 IEEE},
  pages={142--148},
  year={2015},
  organization={IEEE}
}I didn 

@InProceedings{LindaVSMessage,
    author="Sancese, S.
    and Ciancarini, P.
    and Messina, A.",
    editor="Malyshkin, Victor",
    title="Message Passing vs Tuple Space Coordination in an Aerodynamics Application*",
    booktitle="Parallel Computing Technologies",
    year="1999",
    publisher="Springer Berlin Heidelberg",
    address="Berlin, Heidelberg",
    pages="320--334",
    abstract="We study how two well known platform for parallel program- ming, namely PVM and Linda, compare for designing a computation- intensive simulation program running on a cluster of networked worksta- tions. The program has been developed as a component of the DREAM system, a distributed problem solving environment oriented to the do- main of aerodynamics. We compare the available programming environ- ments for PVM and Linda in our domain from a software engineering point of view, namely we discuss how effective they are in the design phase of a parallel application with special requirements of load balanc- ing and distributed data allocation.",
    isbn="978-3-540-48387-8"
}

@inproceedings{rustParse,
  title={Writing parsers like it is 2017},
  author={Chifflier, Pierre and Couprie, Geoffroy},
  booktitle={Security and Privacy Workshops (SPW), 2017 IEEE},
  pages={80--92},
  year={2017},
  organization={IEEE}
}

@inproceedings{slicing,
  title={Safe concurrency introduction through slicing},
  author={Li, Huiqing and Thompson, Simon},
  booktitle={Proceedings of the 2015 Workshop on Partial Evaluation and Program Manipulation},
  pages={103--113},
  year={2015},
  organization={ACM}
}

@inproceedings{vectorization,
  title={A Data Layout Transformation for Vectorizing Compilers},
  author={P{\'e}rard-Gayot, Ars{\`e}ne and Membarth, Richard and Slusallek, Philipp and Moll, Simon and Lei{\ss}a, Roland and Hack, Sebastian},
  booktitle={Proceedings of the 2018 4th Workshop on Programming Models for SIMD/Vector Processing},
  pages={7},
  year={2018},
  organization={ACM}
}

@inproceedings{global,
  title={Global consensus through local synchronization},
  author={Jongmans, Sung-Shik TQ and Arbab, Farhad},
  booktitle={European Conference on Service-Oriented and Cloud Computing},
  pages={174--188},
  year={2013},
  organization={Springer}
}

@inproceedings{model-reo,
 author = {Kokash, N. and Krause, C. and de Vink, E. P.},
 title = {Time and Data-Aware Analysis of Graphical Service Models in Reo},
 booktitle = {Proceedings of the 2010 8th IEEE International Conference on Software Engineering and Formal Methods},
 series = {SEFM '10},
 year = {2010},
 isbn = {978-0-7695-4153-2},
 pages = {125--134},
 numpages = {10},
 url = {http://dx.doi.org/10.1109/SEFM.2010.26},
 doi = {10.1109/SEFM.2010.26},
 acmid = {1915899},
 publisher = {IEEE Computer Society},
 address = {Washington, DC, USA},
 keywords = {formal methods for service-oriented computing, model checking, coordination languages},
} 

@inproceedings{sessionRust,
  title={Session types for Rust},
  author={Jespersen, Thomas Bracht Laumann and Munksgaard, Philip and Larsen, Ken Friis},
  booktitle={Proceedings of the 11th ACM SIGPLAN Workshop on Generic Programming},
  pages={13--22},
  year={2015},
  organization={ACM}
}


@mastersthesis{sessionHaskell,
  title={Session types in Cloud Haskell},
  author={van Walree, FR},
  year={2017}
}

@article{sessionMultiparty,
  title={Multiparty asynchronous session types},
  author={Honda, Kohei and Yoshida, Nobuko and Carbone, Marco},
  journal={ACM SIGPLAN Notices},
  volume={43},
  number={1},
  pages={273--284},
  year={2008},
  publisher={ACM}
}

@InProceedings{mcrl2,
  author =	{Jan Friso Groote and Aad Mathijssen and Michel Reniers and Yaroslav Usenko and Muck van Weerdenburg},
  title =	{The Formal Specification Language mCRL2},
  booktitle =	{Methods for Modelling Software Systems (MMOSS)},
  year =	{2007},
  editor =	{Ed Brinksma and David Harel and Angelika Mader and Perdita Stevens and Roel Wieringa},
  number =	{06351},
  series =	{Dagstuhl Seminar Proceedings},
  ISSN =	{1862-4405},
  publisher =	{Internationales Begegnungs- und Forschungszentrum f{\"u}r Informatik (IBFI), Schloss Dagstuhl, Germany},
  address =	{Dagstuhl, Germany},
  URL =		{http://drops.dagstuhl.de/opus/volltexte/2007/862},
  annote =	{Keywords: Specification language, abstract data types, process algebra, operational semantics}
}

@inproceedings{concurrentBMCModel,
  title={Efficient Modeling of Concurrent Systems in BMC},
  author={Malay K. Ganai and Aarti Gupta},
  booktitle={SPIN},
  year={2008}
}

@inproceedings{modelConcurrentProblems,
    title = "Modeling concurrent systems: Actors, nets, and the problem of abstraction and composition",
    author = "Agha, {Gul A.}",
    year = "1996",
    doi = "10.1007/3-540-61363-3_1",
    language = "English (US)",
    isbn = "3540613633",
    volume = "1091",
    series = "Lecture Notes in Computer Science (including subseries Lecture Notes in Artificial Intelligence and Lecture Notes in Bioinformatics)",
    publisher = "Springer Verlag",
    pages = "1--10",
    booktitle = "Application and Theory of Petri Nets 1996 - 17th International Conference, Proceedings",
    address = "Germany",
}

@inproceedings{Fokkink2007ModellingDS,
  title={Modelling Distributed Systems},
  author={Wan Fokkink},
  booktitle={Texts in Theoretical Computer Science. An EATCS Series},
  year={2007}
}

@article{TMNotSolution,
  title={Transactional Memory},
  author={James R. Larus and Ravi Rajwar},
  journal={Commun. ACM},
  year={2006},
  volume={51},
  pages={80-88}
}

@inproceedings{TMIntroduced,
  title={Transactional Memory: Architectural Support for Lock-Free Data Structures},
  author={Maurice Herlihy and J. Eliot B. Moss},
  booktitle={ISCA},
  year={1993}
}

@article{rustbelt,
  title={RustBelt: Securing the foundations of the Rust programming language},
  author={Jung, Ralf and Jourdan, Jacques-Henri and Krebbers, Robbert and Dreyer, Derek},
  journal={Proceedings of the ACM on Programming Languages},
  volume={2},
  number={POPL},
  pages={66},
  year={2017},
  publisher={ACM}
}

@article{MPI,
  title={A High-Performance, Portable Implementation of the MPI Message Passing Interface Standard},
  author={William Gropp and Ewing L. Lusk and Nathan E. Doss and Anthony Skjellum},
  journal={Parallel Computing},
  year={1996},
  volume={22},
  pages={789-828}
}

@article{amdahls,
  title={Amdahl's Law in the Multicore Era},
  author={Mark D. Hill},
  journal={Computer},
  year={2008},
  volume={41}
}


@misc{babelSite,
	title        = {High-Performance Language Interoperability},
	organization = {Babel},
	lastchecked = {14.10.2018},     
	howpublished = {\url{https://computation.llnl.gov/projects/babel-high-performance-language-interoperability/#page=home}},
	keywords     = {interoperability},
	note = {Accessed: 14.10.2018}
}

@misc{chapelSite,
	title        = {C Interoperability},
	organization = {Chapel},
	lastchecked = {14.10.2018},  
	howpublished          = {\url{https://chapel-lang.org/docs/1.12/technotes/extern.html#working-with-c}},
	keywords     = {interoperability, chapel},
	note = {Accessed: 14.10.2018}
}

@book{pvm,
 author = {Geist, Al and Beguelin, Adam and Dongarra, Jack and Jiang, Weicheng and Manchek, Robert and Sunderam, Vaidy},
 title = {PVM: Parallel Virtual Machine: A Users' Guide and Tutorial for Networked Parallel Computing},
 year = {1994},
 isbn = {0-262-57108-0},
 publisher = {MIT Press},
 address = {Cambridge, MA, USA},
} 

@inproceedings{hogwild,
  title={Hogwild: A lock-free approach to parallelizing stochastic gradient descent},
  author={Recht, Benjamin and Re, Christopher and Wright, Stephen and Niu, Feng},
  booktitle={Advances in neural information processing systems},
  pages={693--701},
  year={2011}
}

@inproceedings{rustlang,
  title={The rust language},
  author={Matsakis, Nicholas D and Klock II, Felix S},
  booktitle={ACM SIGAda Ada Letters},
  volume={34},
  number={3},
  pages={103--104},
  year={2014},
  organization={ACM}
}

@inproceedings{modularizationReo,
  author    = {Sung{-}Shik T. Q. Jongmans and
               Farhad Arbab},
  title     = {Modularizing and Specifying Protocols among Threads},
  booktitle = {Proceedings Fifth Workshop on Programming Language Approaches to Concurrency-
               and Communication-cEntric Software, {PLACES} 2012, Tallinn, Estonia,
               31 March 2012.},
  pages     = {34--45},
  year      = {2012},
  url       = {https://doi.org/10.4204/EPTCS.109.6},
  doi       = {10.4204/EPTCS.109.6},
  timestamp = {Wed, 12 Sep 2018 01:05:15 +0200},
  biburl    = {https://dblp.org/rec/bib/journals/corr/abs-1302-6333},
  bibsource = {dblp computer science bibliography, https://dblp.org}
}

@article{complexityGap,
 author = {Raccoon, L. B. S.},
 title = {The Complexity Gap},
 journal = {SIGSOFT Softw. Eng. Notes},
 issue_date = {July 1995},
 volume = {20},
 number = {3},
 month = jul,
 year = {1995},
 issn = {0163-5948},
 pages = {37--44},
 numpages = {8},
 url = {http://doi.acm.org/10.1145/219308.219315},
 doi = {10.1145/219308.219315},
 acmid = {219315},
 publisher = {ACM},
 address = {New York, NY, USA},
} 

@inproceedings{makefiles,
  title={On the maintenance complexity of makefiles},
  author={Martin, Douglas H and Cordy, James R},
  booktitle={Proceedings of the 7th International Workshop on Emerging Trends in Software Metrics},
  pages={50--56},
  year={2016},
  organization={ACM}
}

@inproceedings{globalViewChaphel,
 author = {Deitz, Steven J. and Callahan, David and Chamberlain, Bradford L. and Snyder, Lawrence},
 title = {Global-view Abstractions for User-defined Reductions and Scans},
 booktitle = {Proceedings of the Eleventh ACM SIGPLAN Symposium on Principles and Practice of Parallel Programming},
 series = {PPoPP '06},
 year = {2006},
 isbn = {1-59593-189-9},
 location = {New York, New York, USA},
 pages = {40--47},
 numpages = {8},
 url = {http://doi.acm.org/10.1145/1122971.1122980},
 doi = {10.1145/1122971.1122980},
 acmid = {1122980},
 publisher = {ACM},
 address = {New York, NY, USA},
 keywords = {Chapel, MPI, parallel prefix, parallel programming, reductions, scans},
} 



%%%%%%%%%%%%%%%%%%

@inproceedings{cppAdvanced,
  title={ch},
  author={Coplien, Jim},
  booktitle={tools},
  pages={352},
  year={1997},
  organization={IEEE}
}